<record xmlns="http://www.loc.gov/MARC21/slim" xmlns:xsi="http://www.w3.org/2001/XMLSchema-instance" xsi:schemaLocation="http://www.loc.gov/MARC21/slim http://www.loc.gov/standards/marcxml/schema/MARC21slim.xsd"><leader>01193nam a2200265   4500</leader><controlfield tag="001">001680092</controlfield><controlfield tag="003">NNU</controlfield><controlfield tag="006">m        d        </controlfield><controlfield tag="007">cr cn |||m|||a</controlfield><controlfield tag="008">140707s1930    ua      o     000 0 ara d</controlfield><datafield ind1=" " ind2=" " tag="040"><subfield code="a">NNU</subfield><subfield code="b">eng</subfield><subfield code="c">NNU</subfield></datafield><datafield ind1="1" ind2=" " tag="100"><subfield code="a">&#699;Abd al-R&#257;ziq, Mu&#7779;&#7789;af&#225;,</subfield><subfield code="d">1886-1947.</subfield></datafield><datafield ind1="1" ind2="3" tag="245"><subfield code="a">Al-bah&#257;&#700; Zuhayr</subfield><subfield code="h">[electronic resource] /</subfield><subfield code="c">ba&#7717;th bi-qalam Mu&#7779;&#7789;af&#225; &#699;Abd al-R&#257;ziq.</subfield></datafield><datafield ind1=" " ind2=" " tag="250"><subfield code="a">al-&#7788;ab&#699;ah 1.</subfield></datafield><datafield ind1=" " ind2=" " tag="260"><subfield code="a">al-Q&#257;hirah :</subfield><subfield code="b">Ma&#7789;ba&#699;at D&#257;r al-Kutub al-Mi&#7779;r&#299;yah,</subfield><subfield code="c">1930.</subfield></datafield><datafield ind1=" " ind2=" " tag="300"><subfield code="a">online resource (94 p.)</subfield></datafield><datafield ind1=" " ind2=" " tag="500"><subfield code="a">Part of the Arabic Collections Online (ACO) project, contributed by New York Univeristy Libraries.</subfield></datafield><datafield ind1=" " ind2=" " tag="533"><subfield code="a">Electronic reproduction.</subfield><subfield code="b">New York, N.Y. :</subfield><subfield code="c">New York University,</subfield><subfield code="d">2014.</subfield><subfield code="5">NNU</subfield></datafield><datafield ind1="0" ind2="0" tag="600"><subfield code="a">Bah&#257;&#700; al-D&#299;n Zuhayr ibn Mu&#7717;ammad,</subfield><subfield code="d">1185-1258.</subfield></datafield><datafield ind1="0" ind2="2" tag="700"><subfield code="a">Bah&#257;&#700; al-D&#299;n Zuhayr ibn Mu&#7717;ammad,</subfield><subfield code="d">1185-1258.</subfield><subfield code="t">Poems.</subfield><subfield code="f">1930.</subfield></datafield><datafield ind1="2" ind2=" " tag="710"><subfield code="a">New York University.</subfield><subfield code="b">Libraries.</subfield></datafield><datafield ind1="0" ind2=" " tag="730"><subfield code="a">Arabic Collections Online.</subfield></datafield><datafield ind1="0" ind2="8" tag="776"><subfield code="i">Print version:</subfield><subfield code="a">&#699;Abd al-R&#257;ziq, Mu&#7779;&#7789;af&#225;, 1886-1947.</subfield><subfield code="t">Al-bah&#257;&#700; Zuhayr</subfield><subfield code="w">(NNU)001680092</subfield></datafield><datafield ind1="4" ind2="0" tag="856"><subfield code="u">http://hdl.handle.net/2333.1/fttdz22z</subfield></datafield><datafield ind1=" " ind2=" " tag="959"><subfield code="a">NNU</subfield><subfield code="b">WEB</subfield><subfield code="c">GENI</subfield><subfield code="t">0</subfield><subfield code="m">Electronic access</subfield><subfield code="s">01</subfield></datafield></record>